@inproceedings{wickenheiser2010design,
  title={Design of energy harvesting systems for harnessing vibrational motion from human and vehicular motion},
  author={Wickenheiser, Adam and Garcia, Ephrahim},
  booktitle={SPIE Smart Structures and Materials+ Nondestructive Evaluation and Health Monitoring},
  pages={76431B--76431B},
  year={2010},
  organization={International Society for Optics and Photonics}
}
@article{lavalle1998rapidly,
  title={Rapidly-Exploring Random Trees A Ð¦ew Tool for Path Planning},
  author={LaValle, Steven M},
  year={1998}
}
@inproceedings{hsu1998finding,
  title={On finding narrow passages with probabilistic roadmap planners},
  author={Hsu, David and Kavraki, Lydia E and Latombe, Jean-Claude and Motwani, Rajeev and Sorkin, Stephen and others},
  booktitle={Robotics: The Algorithmic Perspective: 1998 Workshop on the Algorithmic Foundations of Robotics},
  pages={141--154},
  year={1998}
}
@book{lavalle2006planning,
  title={Planning algorithms},
  author={LaValle, Steven M},
  year={2006},
  publisher={Cambridge university press}
}
@book{thrun2005probabilistic,
  title={Probabilistic robotics},
  author={Thrun, Sebastian and Burgard, Wolfram and Fox, Dieter},
  year={2005},
  publisher={MIT press}
}
@inproceedings{lee2008cost,
  title={Cost based planning with RRT in outdoor environments},
  author={Lee, Jinhan and Pippin, Charles and Balch, Tucker},
  booktitle={Intelligent Robots and Systems, 2008. IROS 2008. IEEE/RSJ International Conference on},
  pages={684--689},
  year={2008},
  organization={IEEE}
}
@article{hart1968formal,
  title={A formal basis for the heuristic determination of minimum cost paths},
  author={Hart, Peter E and Nilsson, Nils J and Raphael, Bertram},
  journal={Systems Science and Cybernetics, IEEE Transactions on},
  volume={4},
  number={2},
  pages={100--107},
  year={1968},
  publisher={IEEE}
}
@article{koenig2005fast,
  title={Fast replanning for navigation in unknown terrain},
  author={Koenig, Sven and Likhachev, Maxim},
  journal={Robotics, IEEE Transactions on},
  volume={21},
  number={3},
  pages={354--363},
  year={2005},
  publisher={IEEE}
}
@inproceedings{bry2011rapidly,
  title={Rapidly-exploring random belief trees for motion planning under uncertainty},
  author={Bry, Adam and Roy, Nicholas},
  booktitle={Robotics and Automation (ICRA), 2011 IEEE International Conference on},
  pages={723--730},
  year={2011},
  organization={IEEE}
}
@inproceedings{fulgenzi2008probabilistic,
  title={Probabilistic navigation in dynamic environment using rapidly-exploring random trees and gaussian processes},
  author={Fulgenzi, Chiara and Tay, Christopher and Spalanzani, Anne and Laugier, Christian},
  booktitle={Intelligent Robots and Systems, 2008. IROS 2008. IEEE/RSJ International Conference on},
  pages={1056--1062},
  year={2008},
  organization={IEEE}
}
@inproceedings{karaman2011anytime,
  title={Anytime motion planning using the RRT*},
  author={Karaman, Sertac and Walter, Matthew R and Perez, Alejandro and Frazzoli, Emilio and Teller, Seth},
  booktitle={Robotics and Automation (ICRA), 2011 IEEE International Conference on},
  pages={1478--1483},
  year={2011},
  organization={IEEE}
}
@inproceedings{frazzoli2001real,
  title={Real-time motion planning for agile autonomous vehicles},
  author={Frazzoli, Emilio and Dahleh, Munther and Feron, Eric and others},
  booktitle={American Control Conference, 2001. Proceedings of the 2001},
  volume={1},
  pages={43--49},
  year={2001},
  organization={IEEE}
}
@inproceedings{langelaan2008tree,
  title={Tree-based trajectory planning to exploit atmospheric energy},
  author={Langelaan, Jack W},
  booktitle={American Control Conference, 2008},
  pages={2328--2333},
  year={2008},
  organization={IEEE}
}
@incollection{khuller2007fill,
  title={To fill or not to fill: the gas station problem},
  author={Khuller, Samir and Malekian, Azarakhsh and Mestre, Juli{\'a}n},
  booktitle={Algorithms--esa 2007},
  pages={534--545},
  year={2007},
  publisher={Springer}
}
@article{wang2014energy,
  title={Energy-aware Vehicle Routing in Networks with Charging Nodes},
  author={Wang, Tao and Cassandras, Christos G and Pourazarm, Sepideh},
  journal={arXiv preprint arXiv:1401.6478},
  year={2014}
}
@inproceedings{al2013wind,
  title={Wind-energy based path planning for unmanned aerial vehicles using Markov decision processes},
  author={Al-Sabban, Wesam H and Gonzalez, Luis F and Smith, Ryan N},
  booktitle={Robotics and Automation (ICRA), 2013 IEEE International Conference on},
  pages={784--789},
  year={2013},
  organization={IEEE}
}
@inproceedings{melchior2007particle,
  title={Particle RRT for path planning with uncertainty},
  author={Melchior, Nik and Simmons, Reid and others},
  booktitle={Robotics and Automation, 2007 IEEE International Conference on},
  pages={1617--1624},
  year={2007},
  organization={IEEE}
}
@article{lavalle2004relationship,
  title={On the relationship between classical grid search and probabilistic roadmaps},
  author={LaValle, Steven M and Branicky, Michael S and Lindemann, Stephen R},
  journal={The International Journal of Robotics Research},
  volume={23},
  number={7-8},
  pages={673--692},
  year={2004},
  publisher={SAGE Publications}
}
@article{layton2008comparison,
  title={A comparison of energy densities of prevalent energy sources in units of joules per cubic meter},
  author={Layton, Bradley E},
  journal={International Journal of Green Energy},
  volume={5},
  number={6},
  pages={438--455},
  year={2008},
  publisher={Taylor \& Francis}
}
@article{karaman2011sampling,
  title={Sampling-based algorithms for optimal motion planning},
  author={Karaman, Sertac and Frazzoli, Emilio},
  journal={The International Journal of Robotics Research},
  volume={30},
  number={7},
  pages={846--894},
  year={2011},
  publisher={Sage Publications}
}
@article{duncan2006optimal,
  title={Optimal constrained graph exploration},
  author={Duncan, Christian A and Kobourov, Stephen G and Kumar, VS},
  journal={ACM Transactions on Algorithms (TALG)},
  volume={2},
  number={3},
  pages={380--402},
  year={2006},
  publisher={ACM}
}
@article{van2011lqg,
  title={LQG-MP: Optimized path planning for robots with motion uncertainty and imperfect state information},
  author={Van Den Berg, Jur and Abbeel, Pieter and Goldberg, Ken},
  journal={The International Journal of Robotics Research},
  volume={30},
  number={7},
  pages={895--913},
  year={2011},
  publisher={SAGE Publications}
}
@book{siegwart2011introduction,
  title={Introduction to autonomous mobile robots},
  author={Siegwart, Roland and Nourbakhsh, Illah Reza and Scaramuzza, Davide},
  year={2011},
  publisher={MIT press}
}
@inproceedings{bruce2002real,
  title={Real-time randomized path planning for robot navigation},
  author={Bruce, James and Veloso, Manuela},
  booktitle={Intelligent Robots and Systems, 2002. IEEE/RSJ International Conference on},
  volume={3},
  pages={2383--2388},
  year={2002},
  organization={IEEE}
}
@inproceedings{mei2006energy,
  title={Energy-efficient mobile robot exploration},
  author={Mei, Yongguo and Lu, Yung-Hsiang and Lee, CS George and Hu, Y Charlie},
  booktitle={Robotics and Automation, 2006. ICRA 2006. Proceedings 2006 IEEE International Conference on},
  pages={505--511},
  year={2006},
  organization={IEEE}
}
@article{mei2006deployment,
  title={Deployment of mobile robots with energy and timing constraints},
  author={Mei, Yongguo and Lu, Yung-Hsiang and Hu, Y Charlie and Lee, CS George},
  journal={Robotics, IEEE Transactions on},
  volume={22},
  number={3},
  pages={507--522},
  year={2006},
  publisher={IEEE}
}
@book{dasgupta2006algorithms,
  title={Algorithms},
  author={Dasgupta, Sanjoy and Papadimitriou, Christos H and Vazirani, Umesh},
  year={2006},
  publisher={McGraw-Hill, Inc.}
}
